<?xml version="1.0" encoding="UTF-8"?><collection xmlns="http://www.loc.gov/MARC21/slim"><record><leader>00516nam--2200133-i-4500</leader><controlfield tag="001">000005170</controlfield><controlfield tag="002">20161230</controlfield><controlfield tag="005">20161230201026</controlfield><controlfield tag="008">060222s1000------------r-----000-0-eng-d</controlfield><datafield ind1=" " ind2=" " tag="080"><subfield code="a">061.3:621.039.83:63</subfield></datafield><datafield ind1=" " ind2=" " tag="245"><subfield code="a">Atomic energy and agriculture. a symposium pre sented on december 27-29, 1955, at the atlanta meeting of the american association for the ad vancement of science and...</subfield></datafield><datafield ind1=" " ind2=" " tag="260"><subfield code="a">Washington, American Association For The Advan Cement Of Science, 1957 X + 450 P</subfield></datafield><datafield ind1=" " ind2=" " tag="700"><subfield code="a">Comar, C.L</subfield></datafield><datafield ind1=" " ind2=" " tag="852"><subfield code="a">14262</subfield></datafield></record></collection>